
@article{mylvaganam2004important,
  title = {Important issues in a molecular dynamics simulation for characterising the mechanical properties of carbon nanotubes},
  author = {Mylvaganam, K. and Zhang, L.C.},
  journal = {Carbon},
  year = {2004},
  volume = {42},
  number = {10},
  pages = {2025--2032},
  doi = {10.1016/j.carbon.2004.04.004},
}
@article{avila2008molecular,
  title={Molecular mechanics applied to single-walled carbon nanotubes},
  author={√Åvila, Antonio Ferreira and Lacerda, Guilherme Silveira Rachid},
  journal={Mat. Res.},
  volume={11},
  number={3},
  year={2008},
  doi={10.1590/S1516-14392008000300016},
  note={Selected articles from IV Congresso Brasileiro de Carbono (VI Brazilian Congress of Carbon), November 18-22, 2007, Gramado - RS},
  address={Belo Horizonte - MG, Brazil}
}
@article{chen2010molecular,
  title = {Molecular Dynamics Simulations of Heat Conduction in Nanostructures: Effect of Heat Bath},
  author = {Chen, Jie and Zhang, Gang and Li, Baowen},
  journal = {J. Phys. Soc. Jpn.},
  volume = {79},
  pages = {074604},
  year = {2010},
  doi = {10.1143/JPSJ.79.074604},
  note = {Submitted on 25 May 2010. This manuscript is accepted for publication in JPSJ},
}
@article{iijima1991,
  title={Helical microtubules of graphitic carbon},
  author={Iijima, Sumio},
  journal={Nature},
  volume={354},
  pages={56--58},
  year={1991},
  doi={10.1038/354056a0},
  url={https://www.nature.com/articles/354056a0#citeas},
  publisher={Nature Publishing Group}
}
@article{monthioux2006,
  title={Guest Editorial: Who should be given the credit for the discovery of carbon nanotubes?},
  author={Monthioux, Marc and Kuznetsov, Vladimir L.},
  journal={Carbon},
  volume={44},
  pages={1621},
  year={2006},
  doi={10.1016/j.carbon.2006.03.019},
  publisher={Elsevier},
  note={This article has appeared in CARBON 44 (2006) 1621}
}
@article{najmi2023review,
  title = {Review on Molecular Dynamics Simulations of Effects of Carbon Nanotubes (CNTs) on Electrical and Thermal Conductivities of CNT-Modified Polymeric Composites},
  author = {Najmi, Lida and Hu, Zhong},
  journal = {Journal Name},
  year = {2023},
  volume = {Volume Number},
  number = {Issue Number},
  pages = {Page Range},
  doi = {10.3390/jcs7040165},
  publisher = {Publisher},
  address = {Brookings, SD 57007, USA},
}
@article{shibuta2003molecular,
  title = {Molecular dynamics simulation of formation process of single-walled carbon nanotubes by CCVD method},
  author = {Shibuta, Yasushi and Maruyama, Shigeo},
  journal = {Chemical Physics Letters},
  volume = {382},
  number = {3-4},
  pages = {381--386},
  year = {2003},
  doi = {10.1016/j.cplett.2003.10.080},
}
@article{kumar2010chemical,
  title = "Chemical vapor deposition of carbon nanotubes: a review on growth mechanism and mass production",
  author = "Kumar, Mukul and Ando, Yoshinori",
  journal = "Journal of Nanoscience and Nanotechnology",
  volume = "10",
  number = "6",
  pages = "3739--3758",
  year = "2010",
  month = "June",
  doi = "10.1166/jnn.2010.2939",
  PMID = "20355365",
}
@inbook{li2006modeling,
  title={Modeling of Carbon Nanotubes and Their Composites},
  author={Li, Chunyu and Chou, Tsu-Wei},
  booktitle={Nanomechanics of Materials and Structures},
  year={2006},
  doi={10.1007/1-4020-3951-4_6}
}
@article{li2003structural,
  title = "A structural mechanics approach for the analysis of carbon nanotubes",
  author = "Li, Chunyu and Chou, Tsu-Wei",
  journal = "International Journal of Solids and Structures",
  volume = "40",
  number = "10",
  pages = "2487-2499",
  year = "2003",
  doi = "10.1016/S0020-7683(03)00056-8"
}
@article{irle2009milestones,
  title = "Milestones in Molecular Dynamics Simulations of Single-Walled Carbon Nanotube Formation: A Brief Critical Review",
  author = "Irle, Stephan and Ohta, Yasuhito and Okamoto, Yoshiko and Page, Alister J. and Wang, Ying and Morokuma, Keiji",
  journal = "Nano Research",
  volume = "2",
  pages = "755-767",
  year = "2009",
  doi = "10.1007/s12274-009-9078-8",
  publisher = "Tsinghua University Press and Springer-Verlag"
}
@article{kharlamova2023review,
  title={Review Synthesis, Sorting, and Applications of Single-Chirality Single-Walled Carbon Nanotubes},
  author={Kharlamova, Marianna V. and Burdanova, Maria G. and Paukov, Maksim I. and Kramberger, Christian},
  journal={Journal Name},
  year={2022},
  doi={10.3390/ma15175898}
}

@article{tersoff1988empirical,
  title={Empirical interatomic potential for carbon, with applications to amorphous carbon},
  author={Tersoff, J.},
  journal={Physical Review Letters},
  volume={61},
  number={25},
  pages={2879--2882},
  year={1988},
  publisher={APS},
  doi={10.1103/PhysRevLett.61.2879}
}

@article{brenner2002second,
  title={A second-generation reactive empirical bond order (REBO) potential energy expression for hydrocarbons},
  author={Brenner, D. W. and Shenderova, O. A. and Harrison, J. A. and Stuart, S. J. and Ni, B. and Sinnott, S. B.},
  journal={Journal of Physics: Condensed Matter},
  volume={14},
  number={4},
  pages={783--802},
  year={2002},
  publisher={IOP Publishing},
  doi={10.1088/0953-8984/14/4/312}
}

@book{frenkel2001understanding,
  title={Understanding Molecular Simulation: From Algorithms to Applications},
  author={Frenkel, D. and Smit, B.},
  edition={2nd},
  publisher={Academic Press},
  year={2001},
  isbn={9780122673511}
}









@article{Gavillet2001,
  title={Root-growth mechanism for single-wall carbon nanotubes},
  author={Gavillet, J. and Loiseau, A. and Journet, C. and Willaime, F. and Ducastelle, F. and Charlier, J. C.},
  journal={Physical Review Letters},
  volume={87},
  number={27 Pt 1},
  pages={275504},
  year={2001},
  publisher={American Physical Society},
  doi={10.1103/PhysRevLett.87.275504},
  url={https://doi.org/10.1103/PhysRevLett.87.275504}
}
@article{kumar2010chemical,
  title={Chemical vapor deposition of carbon nanotubes: a review on growth mechanism and mass production},
  author={Kumar, Mukesh and Ando, Yoshinori},
  journal={Journal of nanoscience and nanotechnology},
  volume={10},
  number={6},
  pages={3739--3758},
  year={2010},
  publisher={American Scientific Publishers},
  doi={10.1166/jnn.2010.2939},
  url={https://doi.org/10.1166/jnn.2010.2939}
}
@article{PhysRevB.42.9458,
  title = {Empirical potential for hydrocarbons for use in simulating the chemical vapor deposition of diamond films},
  author = {Brenner, Donald W.},
  journal = {Phys. Rev. B},
  volume = {42},
  issue = {15},
  pages = {9458--9471},
  numpages = {0},
  year = {1990},
  month = {Nov},
  publisher = {American Physical Society},
  doi = {10.1103/PhysRevB.42.9458},
  url = {https://link.aps.org/doi/10.1103/PhysRevB.42.9458}
}



